@techreport{N4553,
    shorthand={N4553},
    year={2015-10-02},
    month={{N4553,}},
    title={{Working Draft, C++ Extension for Concepts}},
    note={{\url{https://wg21.link/n4553}}}
}

@techreport{P0734R0,
    shorthand={P0734R0},
    year={2017-07-14},
    month={{P0734R0,}},
    title={{Wording Paper, C++ Extension for Concepts}},
    note={{\url{https://wg21.link/p0734r0}}}
}

@techreport{P0745R1,
    shorthand={P0745R1},
    year={2018-04-29},
    author={{Herb Sutter}},
    month={{P0745R1,}},
    title={{Concepts In-Place Syntax}},
    note={{\url{https://wg21.link/p0745r1}}}
}

@techreport{P1079R0,
    shorthand={P1079R0},
    author={{Bjarne Stroustrup}},
    year={2018-05-06},
    month={{P1079R0,}},
    title={{A Minimal Solution to Concepts Syntax Problems}},
    note={{\url{https://wg21.link/p1079R0}}}
}

@techreport{P00557R1,
    shorthand={P00557R1},
    author={{Bjarne Stroustrup}},
    year={2017-01-31},
    month={{P00557R1,}},
    title={{Concepts: The Future of Generic Programming}},
    note={{\url{https://wg21.link/p00557r1}}}
}

@techreport{P1141R0,
    shorthand={P1141R0},
    author={{Voutilainen, KÃ¶ppe, Sutton, Sutter, Stroustrup etal.}},
    year={2018-06-23},
    month={{P1141R0,}},
    title={{Yet Another Approach for Constrained Declarations}},
    note={{\url{https://wg21.link/p1141R0}}}
}
